@book{Adibi-2015,
  author = {Adibi, Sasan},
  title = {Mobile Health: A Technology Road Map},
  year = {2015},
  month = {January},
  pages = {},
  volume = {5},
  isbn = {978-3-319-12816-0},
  doi = {10.1007/978-3-319-12817-7}
}
@article{Ahern-2006,
  author={Ahern, David K and Kreslake, Jennifer M and Phalen, Judith M},
  title={What Is eHealth (6): Perspectives on the Evolution of eHealth Research},
  journal={J Med Internet Res},
  year={2006},
  month={Mar},
  day={31},
  volume={8},
  number={1},
  pages={e4},
  issn={1438-8871},
  doi={10.2196/jmir.8.1.e4},
  url={http://www.jmir.org/2006/1/e4/},
  url={https://doi.org/10.2196/jmir.8.1.e4}
}
@article{Pagliari-2005,
  author = {Pagliari, Claudia and Sloan, David and Gregor, Peter and Sullivan, Frank and Detmer, Don and P Kahan, James and Oortwijn, Wija and Macgillivray, Steve},
  year = {2005},
  month = {02},
  pages = {e9},
  title = {What Is eHealth (4): A Scoping Exercise to Map the Field},
  volume = {7},
  journal = {Journal of medical Internet research},
  doi = {10.2196/jmir.7.1.e9}
}
@article{Della-2001,
  author = {Della Mea, Vincenzo},
  year = {2001},
  month = {06},
  pages = {E22},
  title = {What is e-Health (2): The death of telemedicine?},
  volume = {3},
  journal = {Journal of medical Internet research},
  doi = {10.2196/jmir.3.2.e22}
}
@article{Wolf-2013,
  author = {Wolf, Joel A. and Moreau, Jacqueline F. and Akilov, Oleg and Patton, Timothy and English, Joseph C., III and Ho, Jonhan and Ferris, Laura K.},
  title = "{Diagnostic Inaccuracy of Smartphone Applications for Melanoma Detection}",
  journal = {JAMA Dermatology},
  volume = {149},
  number = {4},
  pages = {422-426},
  year = {2013},
  month = {04},
  issn = {2168-6068},
  doi = {10.1001/jamadermatol.2013.2382},
  url = {https://doi.org/10.1001/jamadermatol.2013.2382},
  eprint = {https://jamanetwork.com/journals/jamadermatology/articlepdf/1557488/dst120065\_422\_426.pdf}
}

@phdthesis{Voinea-2007,
  author       = {Stefan-Lucian Voinea},
  title        = {{Software Evolution Visualization}},
  school       = {Technische Universiteit Eindhoven},
  year         = {2007},
  OPTaddress   = {Eindhoven - Proefschrift}
}
@book{Spence-2007, 
  title        = {{Information Visualization: Design for Interaction}},
  author       = {Spence, Robert}, 
  url          = {http://www.amazon.com/exec/obidos/ASIN/0132065509/acmorg-20}, 
  publisher    = {Prentice-Hall, Inc.}, 
  year         = {2007}
}
@inproceedings{Ogawa_Ma-2008,
  author       = {Michael Ogawa and Kwan-Liu Ma}, 
  title        = {{StarGate: A Unified, Interactive Visualization of Software Projects.}},
  crossref     = {vgtc-2008},
  pages        = {191--198},
  OPTpublisher = {IEEE Computer Society}
}
@proceedings{vgtc-2008,
  booktitle    = {In Proceedings of the 2008 IEEE Pacific Visualization Symposium}, 
  editor       = {},
  title        = {},
  year         = {2008},
  month        = {March},
  OPTpublisher = {IEEE Computer Society},
  OPTaddress   = {Kyoto - Jap\~{a}o}
}
@article{Ogawa_Ma-2009, 
  author       = {Michael Ogawa and Kwan-Liu Ma}, 
  title        = {{code\_swarm: A Design Study in Organic Software Visualization.}},
  volume       = {15}, 
  number       = {6}, 
  journal      = {IEEE Transactions on Visualization and Computer Graphics}, 
  year         = {2009}, 
  pages        = {1097--1104},
  url          = {http://www.ncbi.nlm.nih.gov/pubmed/19834177}
}
@manual{Thekey-1999,
  title        = {How frequently manuals are used in scientific work?},
  key          = {thekey},
  OPTyear      = {1999}
}
@mastersthesis{Fry-2000,
  author       = {B. J. Fry},
  title        = {{Master Thesis' Organic information design}},
  school       = {School of Architecture and Planning, Massachusetts Institute of Technology},
  year         = {2000}
}
@misc{Cellular-News,
  author       = {Cellular News},
  title        = {{Global Mobile Phone Subscribers to Reach 4.5 Billion by 2012}},
  howpublished = {\url{www.cellular-news.com/story/29824.php?source=newsletter}},
  year         = {2008},
  note         = {}
}
@misc{Cellular-World,
  author       = {Wikipedia},
  title        = {{List of countries by number of mobile phones in use}},
  howpublished = {\url{https://en.wikipedia.org/wiki/List_of_countries_by_number_of_mobile_phones_in_use}},
  year         = {2019},
  note         = {[Acessado em 03 de Maio de 2019]}
}
@techreport{Hunt1976,
  title        = {{An Algorithm for Differential File Comparison}},
  author       = {Hunt, J. W. and Mcilroy, M. D.},
  institution  = {Bell Laboratories Computing Science},
  keywords     = {algorithms, diff, file-comparison, file-import-09-05-13, longest-common-subsequence, submit-gdiff},
  month        = {jul},
  number       = {41},
  url          = {http://www1.cs.dartmouth.edu/\~{}doug/diff.ps},
  year         = {1976}
}
